% This file was created with JabRef 2.10.
% Encoding: UTF-8


@Manual{gridExtra-pkg,
  Title                    = {gridExtra: Miscellaneous Functions for "Grid" Graphics},
  Author                   = {Baptiste Auguie},
  Note                     = {R package version 2.0.0},
  Year                     = {2015},

  Owner                    = {juanp},
  Timestamp                = {2015.10.31},
  Url                      = {http://CRAN.R-project.org/package=gridExtra}
}

@TechReport{desaf-fisc-col,
  Title                    = {Los Desafíos Fiscales de Colombia (2010-2014)},
  Author                   = {Sergio Clavijo and Alejandro Vera},
  Institution              = {ANIF},
  Year                     = {2010},
  Month                    = {junio},

  Owner                    = {juanp},
  Timestamp                = {2015.10.31},
  Url                      = {http://anif.co/sites/default/files/uploads/Anif-Fiscal0610.pdf}
}

@Manual{xtable-pkg,
  Title                    = {xtable: Export tables to LaTeX or HTML},
  Author                   = {David B. Dahl},
  Note                     = {R package version 1.7-4},
  Year                     = {2014},

  Owner                    = {juanp},
  Timestamp                = {2015.10.31},
  Url                      = {http://CRAN.R-project.org/package=xtable}
}

@TechReport{just-tribut,
  Title                    = {¿Quiénes Pagan Impuestos en Colombia?},
  Author                   = {Enrique Daza and Mario Valencia and Sneyder Rivera},
  Institution              = {Justicia Tributaria},
  Year                     = {2013},

  Address                  = {Bogotá, Colombia},
  Month                    = {abril},

  Url                      = {http://justiciatributaria.co/wp-content/uploads/2013/04/Justiciatributariafinal.pdf}
}

@Manual{data.table-pkg,
  Title                    = {data.table: Extension of Data.frame},
  Author                   = {M Dowle and A Srinivasan and T Short and S Lianoglou with contributions from R Saporta and E Antonyan},
  Note                     = {R package version 1.9.6},
  Year                     = {2015},

  Owner                    = {juanp},
  Timestamp                = {2015.10.31},
  Url                      = {http://CRAN.R-project.org/package=data.table}
}

@Book{car-book,
  Title                    = {An {R} Companion to Applied Regression},
  Author                   = {John Fox and Sanford Weisberg},
  Publisher                = {Sage},
  Year                     = {2011},

  Address                  = {Thousand Oaks {CA}},
  Edition                  = {Second},

  Owner                    = {juanp},
  Timestamp                = {2015.10.31},
  Url                      = {http://socserv.socsci.mcmaster.ca/jfox/Books/Companion}
}

@Manual{car-pkg,
  Title                    = {An R Companion to Applied Regression},

  Address                  = {Thousand Oaks CA},
  Author                   = {John Fox and Sanford Weisberg},
  Edition                  = {Second},
  Year                     = {2011},

  Owner                    = {juanp},
  Timestamp                = {2015.10.31},
  Url                      = {http://socserv.socsci.mcmaster.ca/jfox/Books/Companion}
}

@Book{ggplot2-book,
  Title                    = {ggplot2: elegant graphics for data analysis},
  Author                   = {{Hadley Wickham}},
  Editor                   = {{Hadley Wickham}},
  Publisher                = {Springer New York},
  Year                     = {2009},

  ISBN                     = {978-0-387-98140-6},
  Owner                    = {juanp},
  Timestamp                = {2015/07/12},
  Url                      = {http://had.co.nz/ggplot2/book}
}

@Manual{forecast-pkg,
  Title                    = {forecast: Forecasting functions for time series and linear models},
  Author                   = {RJ Hyndman},
  Note                     = {R package version 6.2},
  Year                     = {2015},

  Owner                    = {juanp},
  Timestamp                = {2015.10.31},
  Url                      = {http://github.com/robjhyndman/forecast}
}

@Article{forecast-art,
  Title                    = {Automatic time series forecasting: the forecast package for R.},
  Author                   = {RJ Hyndman and Y Khandakar},
  Journal                  = {Journal of Statistical Software},
  Year                     = {2008},
  Number                   = {3},
  Pages                    = {1-22},
  Volume                   = {26},

  Owner                    = {juanp},
  Timestamp                = {2015.10.31},
  Url                      = {http://ideas.repec.org/a/jss/jstsof/27i03.html}
}

@Manual{r-cran,
  Title                    = {R: A Language and Environment for Statistical Computing},

  Address                  = {Vienna, Austria},
  Author                   = {{R Core Team}},
  Organization             = {R Foundation for Statistical Computing},
  Year                     = {2015},

  Location                 = {Vienna, Austria},
  Owner                    = {juanp},
  Timestamp                = {2015/07/12},
  Url                      = {https://www.R-project.org/}
}

@Manual{rstudio,
  Title                    = {RStudio: Integrated Development Environment for R},

  Address                  = {Boston, MA},
  Author                   = {{RStudio Team}},
  Organization             = {RStudio, Inc.},
  Year                     = {2015},

  Owner                    = {juanp},
  Timestamp                = {2015.10.31},
  Url                      = {http://www.rstudio.com/}
}

@TechReport{tribut-col,
  Title                    = {Tributación, Equidad y Eficiencia en Colombia: Guia para Salir de un Sistema Tributario Amalgamado},
  Author                   = {Sergio},
  Institution              = {Banco de la República de Colombia},
  Year                     = {2005},
  Month                    = {febrero},

  Owner                    = {juanp},
  Timestamp                = {2015.10.31},
  Url                      = {http://banrep.gov.co/docum/ftp/borra325.pdf}
}

@Standard{dane-cnt,
  Title                    = {Metodología de las Cuentas Trimestrales - CT - Base 2005},
  Institution              = {DANE},
  Organization             = {Departamento Administrativo Nacional de Estadística (DANE)},
  HowPublished             = {online},
  Month                    = {mayo},
  Url                      = {http://www.dane.gov.co/files/investigaciones/fichas/Cuentas_trimestrales_b2000_05_13.pdf},
  Year                     = {2013},

  Owner                    = {juanp},
  Timestamp                = {2015.10.31}
}

